@article{bai2002determining,
author = {Bai, Jushan and Ng, Serena},
journal = {Econometrica},
number = {1},
pages = {191--221},
publisher = {Wiley Online Library},
title = {{Determining the number of factors in approximate factor models}},
volume = {70},
year = {2002}
}
@book{berndt1991practice,
author = {Berndt, Ernst R},
publisher = {Addison-Wesley Reading, MA},
title = {{The practice of econometrics: classic and contemporary}},
year = {1991}
}
@article{chen1986economic,
author = {Chen, Nai-Fu and Roll, Richard and Ross, Stephen A},
journal = {Journal of business},
pages = {383--403},
publisher = {JSTOR},
title = {{Economic forces and the stock market}},
year = {1986}
}
@book{christopherson2009portfolio,
author = {Christopherson, Jon A and Carino, David R and Ferson, Wayne E},
publisher = {McGraw Hill Professional},
title = {{Portfolio performance measurement and benchmarking}},
year = {2009}
}
@article{connor1988risk,
author = {Connor, Gregory and Korajczyk, Robert A},
journal = {Journal of Financial Economics},
number = {2},
pages = {255--289},
publisher = {Elsevier},
title = {{Risk and return in an equilibrium APT: Application of a new test methodology}},
volume = {21},
year = {1988}
}
@article{connor1993test,
author = {Connor, Gregory and Korajczyk, Robert A},
journal = {The Journal of Finance},
number = {4},
pages = {1263--1291},
publisher = {Wiley Online Library},
title = {{A test for the number of factors in an approximate factor model}},
volume = {48},
year = {1993}
}
@article{efron2004least,
author = {Efron, Bradley and Hastie, Trevor and Johnstone, Iain and Tibshirani, Robert and Others},
journal = {The Annals of statistics},
number = {2},
pages = {407--499},
publisher = {Institute of Mathematical Statistics},
title = {{Least angle regression}},
volume = {32},
year = {2004}
}
@article{epperlein2006portfolio,
author = {Epperlein, Eduardo and Smillie, Alan},
journal = {RISK-LONDON-RISK MAGAZINE LIMITED-},
number = {8},
pages = {70},
publisher = {RISK MAGAZINE LIMITED},
title = {{Portfolio risk analysis Cracking VAR with kernels}},
volume = {19},
year = {2006}
}
@article{hallerbach2003decomposing,
author = {Hallerbach},
journal = {Journal of Risk},
number = {2},
pages = {1--18},
publisher = {http://www.risk.net/},
title = {{Decomposing Portfolio Value-at-Risk: A General Analysis}},
volume = {5},
year = {2003}
}
@book{hastie2009elements,
author = {Hastie, Trevor and Tibshirani, Robert and Friedman, Jerome and Hastie, T and Friedman, J and Tibshirani, R},
number = {1},
publisher = {Springer},
title = {{The elements of statistical learning}},
volume = {2},
year = {2009}
}
@article{henriksson1981market,
author = {Henriksson, Roy D and Merton, Robert C},
journal = {Journal of business},
pages = {513--533},
publisher = {JSTOR},
title = {{On market timing and investment performance. II. Statistical procedures for evaluating forecasting skills}},
year = {1981}
}
@misc{kahn1999active,
author = {Kahn, R and Grinold, R},
publisher = {McGraw-Hill},
title = {{Active Portfolio Management}},
year = {1999}
}
@article{meucci2007risk,
author = {Meucci, Attilio},
journal = {RISK-LONDON-RISK MAGAZINE LIMITED-},
number = {6},
pages = {84},
publisher = {RISK MAGAZINE LIMITED},
title = {{Risk contributions from generic user-defined factors}},
volume = {20},
year = {2007}
}
@book{ruppert2010statistics,
author = {Ruppert, David},
publisher = {Springer},
title = {{Statistics and data analysis for financial engineering}},
year = {2010}
}
@article{sharpe1964capital,
author = {Sharpe, William F},
journal = {The journal of finance},
number = {3},
pages = {425--442},
publisher = {Wiley Online Library},
title = {{Capital asset prices: A theory of market equilibrium under conditions of risk*}},
volume = {19},
year = {1964}
}
@article{treynor1966can,
author = {Treynor, Jack and Mazuy, Kay},
journal = {Harvard business review},
number = {4},
pages = {131--136},
title = {{Can mutual funds outguess the market}},
volume = {44},
year = {1966}
}
@article{yamai2002comparative,
author = {Yamai, Yasuhiro and Yoshiba, Toshinao},
journal = {Monetary and economic studies},
number = {1},
pages = {87--121},
publisher = {Institute for Monetary and Economic Studies, Bank of Japan},
title = {{Comparative analyses of expected shortfall and value-at-risk: their estimation error, decomposition, and optimization}},
volume = {20},
year = {2002}
}
@article{zivot2006modeling,
author = {Zivot, Eric and Jia-hui, WANG},
title = {{Modeling Financial Time Series with S-Plus Springer-Verlag}},
year = {2006}
}
@article{Jiang2013,
author = {Jiang, Yindeng and Martin, Doug},
doi = {10.2139/ssrn.2295602},
issn = {1556-5068},
journal = {SSRN Electronic Journal},
month = jul,
title = {{Better Risk and Performance Estimates with Factor Model Monte Carlo}},
url = {http://papers.ssrn.com/abstract=2295602},
year = {2013}
}
